@book{ag2022,
  author    = {de Almeida, Guido},
  editor    = {},
  publisher = {São José do Rio Preto},
  title     = {Elaboração de filtros Wavelet baseada em conhecimento para distinção entre locutores},
  year      = {2022}
}

@book{ag2021,
  author    = {de Almeida, Guido},
  editor    = {},
  publisher = {São José do Rio Preto},
  title     = {Knowledge-Based Wavelet Filters Prominently Detect Spoofed Speech},
  year      = {2021}
}

@book{mallat,
  author    = {S.G Mallat},
  editor    = {},
  publisher = {IEEE Transactions on Pattern Analysis and Machine Intelligence},
  title     = {A Theory for Multiresolution Signal Decomposition: The Wavelet Representation},
  year      = {1987}
}

@book{kurt,
  author    = {Westfall, Peter H.},
  editor    = {},
  publisher = {The American Statistician},
  title     = {Kurtosis as Peakedness, 1905 – 2014. R.I.P.},
  year      = {2015}
}

@misc{skew,
  author       = {Weisstein, Eric W.},
  editor       = {},
  howpublished = {From Mathworld -- A Wolfram Web Resource. Wolfram Research},
  title        = {Skewness},
  year         = {}
}

@misc{wavelet,
  author       = {Grupo de Investigación en Sistemas Inteligentes, Facultad de Estudios Superiores Cautitlán},
  howpublished = {Universidad Nacional Autónoma de México},
  title        = {Transformada wavelet},
  year         = {2018}
}